@article{hubble1929relation,
  title={A Relation Between Distance and Radial Velocity Among Extra-Galactic Nebulae From the Proceedings of the National Academy of Sciences},
  author={Hubble, E},
  year={1929},
  journal={PNAS}
}
@book{arnold2010design,
  title={Design and deployment of the POLARBEAR cosmic microwave background polarization experiment},
  author={Arnold, Kam Stahly},
  year={2010}
}
@article{hersbach2020era5,
  title={The ERA5 global reanalysis},
  author={Hersbach, Hans and Bell, Bill and Berrisford, Paul and Hirahara, Shoji and Hor{\'a}nyi, Andr{\'a}s and Mu{\~n}oz-Sabater, Joaqu{\'\i}n and Nicolas, Julien and Peubey, Carole and Radu, Raluca and Schepers, Dinand and others},
  journal={Quarterly Journal of the Royal Meteorological Society},
  volume={146},
  number={730},
  pages={1999--2049},
  year={2020},
  publisher={Wiley Online Library}
}
@article{hu1997cmb,
  title={A CMB polarization primer},
  author={Hu, Wayne and White, Martin},
  journal={arXiv preprint astro-ph/9706147},
  year={1997}
}
@article{abazajian2020cmb,
  title={CMB-S4: Forecasting Constraints on Primordial Gravitational Waves},
  author={Abazajian, Kevork and Addison, Graeme E and Adshead, Peter and Ahmed, Zeeshan and Akerib, Daniel and Ali, Aamir and Allen, Steven W and Alonso, David and Alvarez, Marcelo and Amin, Mustafa A and others},
  journal={arXiv preprint arXiv:2008.12619},
  year={2020}
}
@article{church1995predicting,
  title={Predicting residual levels of atmospheric sky noise in ground-based observations of the Cosmic Background Radiation},
  author={Church, SE},
  journal={Monthly Notices of the Royal Astronomical Society},
  volume={272},
  number={3},
  pages={551--569},
  year={1995},
  publisher={Oxford University Press Oxford, UK}
}
@article{bersanelli1995effects,
  title={Effects of atmospheric emission on ground-based microwave background measurements},
  author={Bersanelli, Marco and Bensadoun, M and Danese, Luigi and De Amici, Giovanni and Kogut, A and Levin, S and Limon, Michele and Maino, D and Smoot, George F and Witebsky, Chris},
  journal={The Astrophysical Journal},
  volume={448},
  pages={8},
  year={1995}
}
@article{errard2015modeling,
  title={Modeling atmospheric emission for CMB ground-based observations},
  author={Errard, J and Ade, PAR and Akiba, Y and Arnold, K and Atlas, M and Baccigalupi, Carlo and Barron, D and Boettger, David and Borrill, J and Chapman, S and others},
  journal={The Astrophysical Journal},
  volume={809},
  number={1},
  pages={63},
  year={2015},
  publisher={IOP Publishing}
}
@article{kosowsky1999introduction,
  title={Introduction to microwave background polarization},
  author={Kosowsky, Arthur},
  journal={New Astronomy Reviews},
  volume={43},
  number={2-4},
  pages={157--168},
  year={1999},
  publisher={Elsevier}
}
@article{addamo2020large,
  title={The large scale polarization explorer (LSPE) for CMB measurements: performance forecast},
  author={Addamo, G and Ade, PAR and Baccigalupi, C and Baldini, AM and Battaglia, PM and Battistelli, ES and Ba{\`u}, A and de Bernardis, P and Bersanelli, M and Biasotti, M and others},
  journal={arXiv preprint arXiv:2008.11049},
  year={2020}
}
@article{lay2000impact,
  title={The impact of atmospheric fluctuations on degree-scale imaging of the cosmic microwave background},
  author={Lay, Oliver P and Halverson, Nils W},
  journal={The Astrophysical Journal},
  volume={543},
  number={2},
  pages={787},
  year={2000},
  publisher={IOP Publishing}
}
@article{adam2016planck,
  title={Planck 2015 results-I. Overview of products and scientific results},
  author={Adam, R{\'e}mi and Ade, Peter AR and Aghanim, N and Akrami, Y and Alves, MIR and Arg{\"u}eso, F and Arnaud, M and Arroja, F and Ashdown, Mark and Aumont, J and others},
  journal={Astronomy \& Astrophysics},
  volume={594},
  pages={A1},
  year={2016},
  publisher={EDP sciences}
}
@article{ade2016planck,
  title={Planck 2015 results-xiii. cosmological parameters},
  author={Ade, Peter AR and Aghanim, N and Arnaud, M and Ashdown, Mark and Aumont, J and Baccigalupi, C and Banday, AJ and Barreiro, RB and Bartlett, JG and Bartolo, N and others},
  journal={Astronomy \& Astrophysics},
  volume={594},
  pages={A13},
  year={2016},
  publisher={EDP sciences}
}
@article{baumann2009tasi,
  title={TASI lectures on inflation},
  author={Baumann, Daniel},
  journal={arXiv preprint arXiv:0907.5424},
  year={2009}
}
@inproceedings{franceschet2018strip,
  title={The STRIP instrument of the Large Scale Polarization Explorer: microwave eyes to map the Galactic polarized foregrounds},
  author={Franceschet, Cristian and Realini, Sabrina and Mennella, Aniello and Addamo, Giuseppe and Ba{\`u}, Alessandro and Battaglia, Paola M and Bersanelli, Marco and Caccianiga, Barbara and Caprioli, Silvia and Cavaliere, Francesco and others},
  booktitle={Millimeter, Submillimeter, and Far-Infrared Detectors and Instrumentation for Astronomy IX},
  volume={10708},
  pages={107081G},
  year={2018},
  organization={International Society for Optics and Photonics}
}
@inproceedings{aiola2012large,
  title={The large-scale polarization explorer (LSPE)},
  author={Aiola, S and Amico, G and Battaglia, P and Battistelli, E and Bau, A and De Bernardis, P and Bersanelli, M and Boscaleri, A and Cavaliere, F and Coppolecchia, A and others},
  booktitle={Ground-based and Airborne Instrumentation for Astronomy IV},
  volume={8446},
  pages={84467A},
  year={2012},
  organization={International Society for Optics and Photonics}
}
@book{balanis2015antenna,
  title={Antenna theory: analysis and design},
  author={Balanis, Constantine A},
  year={2015},
  publisher={John wiley \& sons}
}
@book{ryden2017introduction,
  title={Introduction to cosmology},
  author={Ryden, Barbara},
  year={2017},
  publisher={Cambridge University Press}
}
@book{rybicki2008radiative,
  title={Radiative processes in astrophysics},
  author={Rybicki, George B and Lightman, Alan P},
  year={2008},
  publisher={John Wiley \& Sons}
}
@article{hanany2003polarization,
  title={Polarization of the atmosphere as a foreground for cosmic microwave background polarization experiments},
  author={Hanany, Shaul and Rosenkranz, Philip},
  journal={New Astronomy Reviews},
  volume={47},
  number={11-12},
  pages={1159--1165},
  year={2003},
  publisher={Elsevier}
}
@article{hu2002cosmic,
  title={Cosmic microwave background anisotropies},
  author={Hu, Wayne and Dodelson, Scott},
  journal={Annual Review of Astronomy and Astrophysics},
  volume={40},
  number={1},
  pages={171--216},
  year={2002},
  publisher={Annual Reviews, 4139 El Camino Way PO Box 10139 Palo Alto CA 94303-0139 USA}
}
@book{condon2016essential,
  title={Essential radio astronomy},
  author={Condon, James J and Ransom, Scott M},
  volume={2},
  year={2016},
  publisher={Princeton University Press}
}
@techreport{liebe1983atmospheric,
  title={An atmospheric millimeter wave propagation model},
  author={Liebe, Hans J},
  year={1983},
  institution={NATIONAL TELECOMMUNICATIONS AND INFORMATION ADMINISTRATION BOULDER CO INST~â€¦}
}
@book{pozar2011microwave,
  title={Microwave engineering},
  author={Pozar, David M},
  year={2011},
  publisher={John wiley \& sons}
}
@book{dodelson2003modern,
  title={Modern cosmology},
  author={Dodelson, Scott},
  year={2003},
  publisher={Elsevier}
}
@book{weinberg2008cosmology,
  title={Cosmology},
  author={Weinberg, Steven},
  year={2008},
  publisher={Oxford university press}
}
@book{tatarski2016wave,
  title={Wave propagation in a turbulent medium},
  author={Tatarski, Valerian Ilich},
  year={2016},
  publisher={Courier Dover Publications}
}
@article{einstein1917the,
  title={On th{\'e} quantum theory of radiation Z},
  author={Einstein},
  journal={Physik. March},
  volume={3},
  year={1917}
}
@online{Lambda,
  author = {NASA},
  title = {Legacy Archive for Microwave Background Data Analysis},
  year = 2019,
  url = {https://lambda.gsfc.nasa.gov/},
  urldate = {2021-05}
}
@article{slipher1913radial,
  title={The radial velocity of the Andromeda Nebula},
  author={Slipher, Vesto Melvin},
  journal={Lowell Observatory Bulletin},
  volume={2},
  pages={56--57},
  year={1913}
}
@article{slipher1915spectrographic,
  title={Spectrographic observations of nebulae},
  author={Slipher, Vesto M},
  journal={Popular astronomy},
  volume={23},
  pages={21--24},
  year={1915}
}
@article{colless20012df,
  title={The 2df galaxy redshift survey: spectra and redshifts},
  author={Colless, Matthew and Dalton, Gavin and Maddox, Steve and Sutherland, Will and Norberg, Peder and Cole, Shaun and Bland-Hawthorn, Joss and Bridges, Terry and Cannon, Russell and Collins, Chris and others},
  journal={Monthly Notices of the Royal Astronomical Society},
  volume={328},
  number={4},
  pages={1039--1063},
  year={2001},
  publisher={Blackwell Science Ltd Oxford, UK}
}
@article{york2000sloan,
  title={The sloan digital sky survey: Technical summary},
  author={York, Donald G and Adelman, J and Anderson Jr, John E and Anderson, Scott F and Annis, James and Bahcall, Neta A and Bakken, JA and Barkhouser, Robert and Bastian, Steven and Berman, Eileen and others},
  journal={The Astronomical Journal},
  volume={120},
  number={3},
  pages={1579},
  year={2000},
  publisher={IOP Publishing}
}
@article{driver2011galaxy,
  title={Galaxy and Mass Assembly (GAMA): survey diagnostics and core data release},
  author={Driver, Simon P and Hill, David T and Kelvin, Lee S and Robotham, Aaron SG and Liske, Jochen and Norberg, Peder and Baldry, Ivan K and Bamford, Steven P and Hopkins, Andrew M and Loveday, Jon and others},
  journal={Monthly Notices of the Royal Astronomical Society},
  volume={413},
  number={2},
  pages={971--995},
  year={2011},
  publisher={The Royal Astronomical Society}
}
@article{friedman1922krummung,
  title={{\"U}ber die kr{\"u}mmung des raumes},
  author={Friedman, Alexander},
  journal={Zeitschrift f{\"u}r Physik},
  volume={10},
  number={1},
  pages={377--386},
  year={1922},
  publisher={Springer}
}
@article{tong2019lectures,
  title={Lectures on cosmology},
  author={Tong, David},
  journal={Cambridge University},
  year={2019}
}
@article{mckellar1941molecular,
  title={Molecular lines from the lowest states of diatomic molecules composed of atoms probably present in interstellar space},
  author={McKellar, Andrew},
  journal={Publications of the Dominion Astrophysical Observatory Victoria},
  volume={7},
  year={1941}
}
@article{penzias1965measurement,
  title={A measurement of excess antenna temperature at 4080 Mc/s.},
  author={Penzias, Arno A and Wilson, Robert Woodrow},
  journal={The Astrophysical Journal},
  volume={142},
  pages={419--421},
  year={1965}
}
@online{NASA_grin,
  author = {NASA},
  title = {Great Images in Nasa},
  year = 2002,
  url = {https://web.archive.org/web/20090425121016/http://grin.hq.nasa.gov/ABSTRACTS/GPN-2003-00013.html},
  urldate = {2021-05}
}
@article{mather1994measurement,
  title={Measurement of the cosmic microwave background spectrum by the COBE FIRAS instrument},
  author={Mather, John C and Cheng, ES and Cottingham, David A and Eplee Jr, RE and Fixsen, Dale J and Hewagama, Tilak and Isaacman, RB and Jensen, KA and Meyer, Stephan S and Noerdlinger, Peter D and others},
  journal={The Astrophysical Journal},
  volume={420},
  pages={439--444},
  year={1994}
}
@misc{sachs1967perturbations,
  title={Perturbations of a cosmological model and angular variations of the microwave background},
  author={Sachs, RK and Wolfe, AM},
  year={1967}
}
@article{bennett1996four,
  title={Four-year COBE* DMR cosmic microwave background observations: maps and basic results},
  author={Bennett, Charles L and Banday, Anthony J and G{\'o}rski, Krzysztof M and Hinshaw, G and Jackson, P and Keegstra, P and Kogut, A and Smoot, George F and Wilkinson, David T and Wright, Edward L},
  journal={The Astrophysical Journal Letters},
  volume={464},
  number={1},
  pages={L1},
  year={1996},
  publisher={IOP Publishing}
}
@article{spergel2003first,
  title={First-year Wilkinson Microwave Anisotropy Probe (WMAP)* observations: determination of cosmological parameters},
  author={Spergel, David N and Verde, Licia and Peiris, Hiranya V and Komatsu, Eiichiro and Nolta, MR and Bennett, Charles L and Halpern, Mark and Hinshaw, Gary and Jarosik, Norman and Kogut, Alan and others},
  journal={The Astrophysical Journal Supplement Series},
  volume={148},
  number={1},
  pages={175},
  year={2003},
  publisher={IOP Publishing}
}
@article{mandolesi2002planck,
  title={The Planck satellite},
  author={Mandolesi, N and Villa, F and Valenziano, L},
  journal={Advances in Space Research},
  volume={30},
  number={9},
  pages={2123--2128},
  year={2002},
  publisher={Elsevier}
}
@article{white1996sachs,
  title={The sachs-wolfe effect},
  author={White, Martin and Hu, Wayne},
  journal={arXiv preprint astro-ph/9609105},
  year={1996}
}
@article{guth1981inflationary,
  title={Inflationary universe: A possible solution to the horizon and flatness problems},
  author={Guth, Alan H},
  journal={Physical Review D},
  volume={23},
  number={2},
  pages={347},
  year={1981},
  publisher={APS}
}
@article{abazajian2016cmb,
  title={CMB-S4 science book},
  author={Abazajian, Kevork N and Adshead, Peter and Ahmed, Zeeshan and Allen, Steven W and Alonso, David and Arnold, Kam S and Baccigalupi, Carlo and Bartlett, James G and Battaglia, Nicholas and Benson, Bradford A and others},
  journal={arXiv preprint arXiv:1610.02743},
  year={2016}
}
@techreport{quiet2010first,
  title={First Season QUIET Observations: Measurements of CMB Polarization Power Spectra at 43 GHz in the Multipole Range 25 (le)(ell)(le) 475},
  author={Quiet Collaboration and others},
  year={2010},
  institution={Fermi National Accelerator Laboratory}
}
@article{araujo2012second,
  title={Second season QUIET observations: Measurements of the cosmic microwave background polarization power spectrum at 95 GHz},
  author={Araujo, D and Bischoff, C and Brizius, A and Buder, I and Chinone, Y and Cleary, K and Dumoulin, RN and Kusaka, A and Monsalve, R and N{\ae}ss, SK and others},
  journal={The Astrophysical Journal},
  volume={760},
  number={2},
  pages={145},
  year={2012},
  publisher={IOP Publishing}
}
@inproceedings{kermish2012polarbear,
  title={The POLARBEAR experiment},
  author={Kermish, Zigmund D and Ade, Peter and Anthony, Aubra and Arnold, Kam and Barron, Darcy and Boettger, David and Borrill, Julian and Chapman, Scott and Chinone, Yuji and Dobbs, Matt A and others},
  booktitle={Millimeter, Submillimeter, and Far-Infrared Detectors and Instrumentation for Astronomy VI},
  volume={8452},
  pages={84521C},
  year={2012},
  organization={International Society for Optics and Photonics}
}
@inproceedings{essinger2014class,
  title={CLASS: the cosmology large angular scale surveyor},
  author={Essinger-Hileman, Thomas and Ali, Aamir and Amiri, Mandana and Appel, John W and Araujo, Derek and Bennett, Charles L and Boone, Fletcher and Chan, Manwei and Cho, Hsiao-Mei and Chuss, David T and others},
  booktitle={Millimeter, Submillimeter, and Far-Infrared Detectors and Instrumentation for Astronomy VII},
  volume={9153},
  pages={91531I},
  year={2014},
  organization={International Society for Optics and Photonics}
}
@article{kosowsky2003atacama,
  title={The atacama cosmology telescope},
  author={Kosowsky, Arthur},
  journal={New Astronomy Reviews},
  volume={47},
  number={11-12},
  pages={939--943},
  year={2003},
  publisher={Elsevier}
}
@article{ade2018measurements,
  title={Measurements of Degree-Scale B-mode Polarization with the BICEP/Keck Experiments at South Pole},
  author={Ade, PAR and Ahmed, Z and Aikin, RW and Alexander, KD and Barkats, D and Benton, SJ and Bischoff, CA and Bock, JJ and Boenish, H and Bowens-Rubin, R and others},
  journal={arXiv preprint arXiv:1807.02199},
  year={2018}
}
@inproceedings{ruhl2004south,
  title={The south pole telescope},
  author={Ruhl, John and Ade, Peter AR and Carlstrom, John E and Cho, Hsiao-Mei and Crawford, Thomas and Dobbs, Matt and Greer, Chris H and Holzapfel, William L and Lanting, Trevor M and Lee, Adrian T and others},
  booktitle={Millimeter and Submillimeter Detectors for Astronomy II},
  volume={5498},
  pages={11--29},
  year={2004},
  organization={International Society for Optics and Photonics}
}
@inproceedings{galitzki2018simons,
  title={The Simons observatory: instrument overview},
  author={Galitzki, Nicholas and Ali, Aamir and Arnold, Kam S and Ashton, Peter C and Austermann, Jason E and Baccigalupi, Carlo and Baildon, Taylor and Barron, Darcy and Beall, James A and Beckman, Shawn and others},
  booktitle={Millimeter, Submillimeter, and Far-Infrared Detectors and Instrumentation for Astronomy IX},
  volume={10708},
  pages={1070804},
  year={2018},
  organization={International Society for Optics and Photonics}
}
@inproceedings{tajima2012groundbird,
  title={GroundBIRD: an experiment for CMB polarization measurements at a large angular scale from the ground},
  author={Tajima, Osamu and Choi, Jhoon and Hazumi, Masashi and Ishitsuka, Hikaru and Kawai, Masanori and Yoshida, Mitsuhiro},
  booktitle={Millimeter, Submillimeter, and Far-Infrared Detectors and Instrumentation for Astronomy VI},
  volume={8452},
  pages={84521M},
  year={2012},
  organization={International Society for Optics and Photonics}
}
@article{battistelli2011qubic,
  title={QUBIC: The QU bolometric interferometer for cosmology},
  author={Battistelli, E and Ba{\'u}, A and Bennett, D and Berg{\'e}, L and Bernard, J-Ph and De Bernardis, P and Bordier, G and Bounab, A and Br{\'e}elle, {\'E} and Bunn, EF and others},
  journal={Astroparticle Physics},
  volume={34},
  number={9},
  pages={705--716},
  year={2011},
  publisher={Elsevier}
}
@inproceedings{hui2018bicep,
  title={BICEP Array: a multi-frequency degree-scale CMB polarimeter},
  author={Hui, Howard and Ade, PAR and Ahmed, Zeeshan and Aikin, RW and Alexander, Kate D and Barkats, Denis and Benton, Steve J and Bischoff, Colin A and Bock, James J and Bowens-Rubin, Rachel and others},
  booktitle={Millimeter, Submillimeter, and Far-Infrared Detectors and Instrumentation for Astronomy IX},
  volume={10708},
  pages={1070807},
  year={2018},
  organization={International Society for Optics and Photonics}
}
@inproceedings{de2012swipe,
  title={SWIPE: a bolometric polarimeter for the Large-Scale Polarization Explorer},
  author={De Bernardis, P and Aiola, S and Amico, G and Battistelli, E and Coppolecchia, A and Cruciani, A and D'Addabbo, A and D'Alessandro, G and De Gregori, S and De Petris, M and others},
  booktitle={Millimeter, Submillimeter, and Far-Infrared Detectors and Instrumentation for Astronomy VI},
  volume={8452},
  pages={84523F},
  year={2012},
  organization={International Society for Optics and Photonics}
}
@inproceedings{incardona2018preliminary,
  title={Preliminary scanning strategy analysis for the LSPE-STRIP instrument},
  author={Incardona, Federico and Benetti, Marco and Bersanelli, Marco and Franceschet, Cristian and Maino, Davide and Mennella, Aniello and Realini, Sabrina and Tomasi, Maurizio},
  booktitle={Millimeter, Submillimeter, and Far-Infrared Detectors and Instrumentation for Astronomy IX},
  volume={10708},
  pages={107082F},
  year={2018},
  organization={International Society for Optics and Photonics}
}
@article{smith1953constants,
  title={The constants in the equation for atmospheric refractive index at radio frequencies},
  author={Smith, Ernest K and Weintraub, Stanley},
  journal={Proceedings of the IRE},
  volume={41},
  number={8},
  pages={1035--1037},
  year={1953},
  publisher={IEEE}
}
@incollection{waters19762,
  title={2.3. Absorption and Emission by Atmospheric Gases},
  author={Waters, JW},
  booktitle={Methods in Experimental Physics},
  volume={12},
  pages={142--176},
  year={1976},
  publisher={Elsevier}
}
@article{belanger1991beam,
  title={Beam propagation and the ABCD ray matrices},
  author={B{\'e}langer, PA},
  journal={Optics letters},
  volume={16},
  number={4},
  pages={196--198},
  year={1991},
  publisher={Optical Society of America}
}
@article{alda2003laser,
  title={Laser and Gaussian beam propagation and transformation},
  author={Alda, Javier},
  journal={Encyclopedia of optical engineering},
  volume={999},
  year={2003}
}
@online{era5,
  author = {ECMWF},
  title = {ERA5: data documentation},
  year = 2021,
  url = {https://confluence.ecmwf.int/display/CKB/ERA5%3A+data+documentation},
  urldate = {2021-05}
}
